@Misc{MKLINUX,
	title = {3.3. Some Important Data Structures},
	howpublished = {\url{http://www.makelinux.net/ldd3/chp-3-sect-3}},
	note = {[Zugriff am 01.05.2018]}
}


@Book{TANDISSYS,
	author = {Andrew S. Tanenbaum{, }Maarten van Steen},
	title = "Distributed Systems - Principles and Paradigms",
	publisher = {},
	year = ""
}

@Book{VERSYS,
	title = {Verteilte Systeme - Konzepte und Design},
	author = {George Coulouris{, }Jean Dollimore{, }Tim Kindberg},
	publisher = {Pearson Studium},
	year = 2002
}

