@misc{bsi_def_cloud,
	author = {BSI},
	howpublished = {\url{https://www.bsi.bund.de/DE/Themen/DigitaleGesellschaft/CloudComputing/Grundlagen/Grundlagen_node.html}},
	title = {Cloud Computing Grundlagen}, 
	note = {[Zugriff am 31.01.2021]},
	year = {}
}

@article{nist_def_cloud_computing,
  author  = {Peter Mell and Timothy Grance}, 
  title   = {The NIST Definition of Cloud Computing},
  journal = {National Institute of Standards and Technology},
  year    = 2011,
  month   = 9
}

@misc{heise_cloud,
	title = {Die 10 besten Cloud-Speicher},
	howpublished={\url{https://www.heise.de/download/specials/Die-10-besten-Cloud-Speicher-3149052}},
	year = 2021,
	author = {Florian Papenfuß}
}

@article{db_art_PATRIOT_CLOUD,
	author = {[Deutscher Bundestag]},
	year = 2020,
	title = {Zugriff US-amerikanischer Behörden auf Daten}
}